@inproceedings{siami2018comparison,
  title={A comparison of ARIMA and LSTM in forecasting time series},
  author={Siami-Namini, Sima and Tavakoli, Neda and Namin, Akbar Siami},
  booktitle={2018 17th IEEE international conference on machine learning and applications (ICMLA)},
  pages={1394--1401},
  year={2018},
  organization={IEEE}
}

@book{wierzchon2018modern,
  title={Modern algorithms of cluster analysis},
  author={Wierzcho{\'n}, S{\l}awomir T and K{\l}opotek, Mieczys{\l}aw A},
  volume={34},
  year={2018},
  publisher={Springer}
}